@article{Maris2009,
author = {Maris, P. and Vary, J. and Shirokov, A.},
doi = {10.1103/PhysRevC.79.014308},
file = {:home/sushant/Dropbox/talks/sushant/TIFR{\_}Dec{\_}2014/reference{\_}papers/Maris{\_}conventional{\_}extrapolation{\_}PhysRevC.79.014308.pdf:pdf},
issn = {0556-2813},
journal = {Physical Review C},
keywords = {conventional extrapolations},
month = {jan},
number = {1},
pages = {014308},
title = {{Ab initio no-core full configuration calculations of light nuclei}},
url = {http://link.aps.org/doi/10.1103/PhysRevC.79.014308},
volume = {79},
year = {2009}
}

@article{Furnstahl2012,
author = {Furnstahl, R. and Hagen, G. and Papenbrock, T.},
doi = {10.1103/PhysRevC.86.031301},
file = {:home/sushant/.local/share/data/Mendeley Ltd./Mendeley Desktop/Downloaded/Furnstahl, Hagen, Papenbrock - 2012 - Corrections to nuclear energies and radii in finite oscillator spaces(2).pdf:pdf},
issn = {0556-2813},
journal = {Physical Review C},
month = {sep},
number = {3},
pages = {1--6},
title = {{Corrections to nuclear energies and radii in finite oscillator spaces}},
url = {http://link.aps.org/doi/10.1103/PhysRevC.86.031301},
volume = {86},
year = {2012}
}

@article{Hagen:2007hi,
     author    = "Hagen, G. and Dean, D. J. and Hjorth-Jensen, M. and
                  Papenbrock, T. and Schwenk, A.",
     title     = "{Benchmark calculations for 3H, 4He, 16O and 40Ca with ab-
                  initio coupled-cluster theory}",
     journal   = "Phys. Rev. C",
     volume    = "76",
     year      = "2007",
     pages     = "044305",
     eprint    = "0707.1516",
     archivePrefix = "arXiv",
     primaryClass  =  "nucl-th",
     doi       = "10.1103/PhysRevC.76.044305",
     SLACcitation  = "%%CITATION = 0707.1516;%%"
}

@article{Bogner:2007rx,
     author    = "Bogner, S. K. and Furnstahl, R. J. and Maris, P. and
     Perry, R. J. and Schwenk, A. and Vary, J. P.",
     title     = "{Convergence in the no-core shell model with low-momentum
                  two-nucleon interactions}",
     journal   = "Nucl. Phys. A",
     volume    = "801",
     year      = "2008",
     pages     = "21-42",
     eprint    = "0708.3754",
     archivePrefix = "arXiv",
     primaryClass  =  "nucl-th",
     doi       = "10.1016/j.nuclphysa.2007.12.008",
     SLACcitation  = "%%CITATION = 0708.3754;%%"
}

@article{Forssen:2008qp,
      author         = "Forssen, C. and Vary, J.P. and Caurier, E. and Navratil,
                        P.",
      title          = "{Converging sequences in the ab initio no-core shell
                        model}",
      journal        = "Phys. Rev. C",
      volume         = "77",
      pages          = "024301",
      doi            = "10.1103/PhysRevC.77.024301",
      year           = "2008",
      eprint         = "0802.1611",
      archivePrefix  = "arXiv",
      primaryClass   = "nucl-th",
      SLACcitation   = "%%CITATION = ARXIV:0802.1611;%%",
}

@article{Maris:2008ax,
     author    = "Maris, P. and Vary, J. P. and Shirokov, A. M.",
     title     = "{Ab initio no-core full configuration calculations of light
                  nuclei}",
     journal   = "Phys. Rev. C",
     volume    = "79",
     year      = "2009",
     pages     = "014308",
     eprint    = "0808.3420",
     archivePrefix = "arXiv",
     primaryClass  =  "nucl-th",
     doi       = "10.1103/PhysRevC.79.014308",
     SLACcitation  = "%%CITATION = 0808.3420;%%"
}

@article{Roth:2009cw,
      author         = "Roth, Robert",
      title          = "{Importance Truncation for Large-Scale Configuration
                        Interaction Approaches}",
      journal        = "Phys. Rev. C",
      volume         = "79",
      pages          = "064324",
      doi            = "10.1103/PhysRevC.79.064324",
      year           = "2009",
      eprint         = "0903.4605",
      archivePrefix  = "arXiv",
      primaryClass   = "nucl-th",
      reportNumber   = "INT-PUB-09-016",
      SLACcitation   = "%%CITATION = ARXIV:0903.4605;%%",
}

@article{Coon:2012ab,
      author         = "Coon, Sidney A. and Avetian, Matthew I. and Kruse,
                        Michael K.G. and van Kolck, U. and Maris, Pieter and
                        others",
      title          = "{Convergence properties of {\it ab initio} calculations
                        of light nuclei in a harmonic oscillator basis}",
      journal        = "Phys. Rev. C",
      volume         = "86",
      pages          = "054002",
      doi            = "10.1103/PhysRevC.86.054002",
      year           = "2012",
      eprint         = "1205.3230",
      archivePrefix  = "arXiv",
      primaryClass   = "nucl-th",
      SLACcitation   = "%%CITATION = ARXIV:1205.3230;%%",
}

@article{Furnstahl:2012qg,
      author         = "Furnstahl, R. J. and Hagen, G. and Papenbrock, T.",
      title          = "{Corrections to nuclear energies and radii in finite
                        oscillator spaces}",
      journal        = "Phys. Rev.",
      volume         = "C86",
      year           = "2012",
      pages          = "031301",
      doi            = "10.1103/PhysRevC.86.031301",
      eprint         = "1207.6100",
      archivePrefix  = "arXiv",
      primaryClass   = "nucl-th",
      SLACcitation   = "%%CITATION = ARXIV:1207.6100;%%"
}

@article{More:2013rma,
      author         = "More, S. N. and Ekström, A. and Furnstahl, R. J. and
                        Hagen, G. and Papenbrock, T.",
      title          = "{Universal properties of infrared oscillator basis
                        extrapolations}",
      journal        = "Phys. Rev.",
      volume         = "C87",
      year           = "2013",
      number         = "4",
      pages          = "044326",
      doi            = "10.1103/PhysRevC.87.044326",
      eprint         = "1302.3815",
      archivePrefix  = "arXiv",
      primaryClass   = "nucl-th",
      SLACcitation   = "%%CITATION = ARXIV:1302.3815;%%"
}

@article{Furnstahl:2013vda,
      author         = "Furnstahl, R. J. and Papenbrock, T. and More, S. N.",
      title          = "{Systematic expansion for infrared oscillator basis
                        extrapolations}",
      journal        = "Phys. Rev.",
      volume         = "C89",
      year           = "2014",
      number         = "4",
      pages          = "044301",
      doi            = "10.1103/PhysRevC.89.044301",
      eprint         = "1312.6876",
      archivePrefix  = "arXiv",
      primaryClass   = "nucl-th",
      SLACcitation   = "%%CITATION = ARXIV:1312.6876;%%"
}

@article{Konig:2014hma,
      author         = "König, S. and Bogner, S. K. and Furnstahl, R. J. and
                        More, S. N. and Papenbrock, T.",
      title          = "{Ultraviolet extrapolations in finite oscillator bases}",
      journal        = "Phys. Rev.",
      volume         = "C90",
      year           = "2014",
      number         = "6",
      pages          = "064007",
      doi            = "10.1103/PhysRevC.90.064007",
      eprint         = "1409.5997",
      archivePrefix  = "arXiv",
      primaryClass   = "nucl-th",
      SLACcitation   = "%%CITATION = ARXIV:1409.5997;%%"
}

@article{Entem:2003ft,
     author    = "Entem, D. R. and Machleidt, R.",
     title     = "Accurate Charge-Dependent Nucleon-Nucleon Potential at
                  Fourth Order of Chiral Perturbation Theory",
     journal   = "Phys. Rev. C",
     volume    = "68",
     year      = "2003",
     pages     = "041001",
     eprint    = "nucl-th/0304018",
     SLACcitation  = "%%CITATION = NUCL-TH/0304018;%%"
}

@article{Bogner:2007rx,
     author    = "Bogner, S. K. and Furnstahl, R. J. and Maris, P. and
     Perry, R. J. and Schwenk, A. and Vary, J. P.",
     title     = "{Convergence in the no-core shell model with low-momentum
                  two-nucleon interactions}",
     journal   = "Nucl. Phys. A",
     volume    = "801",
     year      = "2008",
     pages     = "21-42",
     eprint    = "0708.3754",
     archivePrefix = "arXiv",
     primaryClass  =  "nucl-th",
     doi       = "10.1016/j.nuclphysa.2007.12.008",
     SLACcitation  = "%%CITATION = 0708.3754;%%"
}

@article{Stetcu:2006ey,
     author    = "Stetcu, I. and Barrett, B. R. and van Kolck, U.",
     title     = "No-core shell model in an effective-field-theory
                  framework",
     journal   = "Phys. Lett. B",
     volume    = "653",
     year      = "2007",
     pages     = "358-362",
     eprint    = "nucl-th/0609023",
     SLACcitation  = "%%CITATION = NUCL-TH/0609023;%%"
}

@article{Stetcu:2007ms,
     author    = "Stetcu, I. and Barrett, B. R. and van Kolck, U. and Vary,
                  J. P.",
     title     = "{Effective Theory for Trapped Few-Fermion Systems}",
     journal   = "Phys. Rev. A",
     volume    = "76",
     year      = "2007",
     pages     = "063613",
     eprint    = "0705.4335",
     archivePrefix = "arXiv",
     primaryClass  =  "cond-mat.other",
     doi       = "10.1103/PhysRevA.76.063613",
     SLACcitation  = "%%CITATION = 0705.4335;%%"
}

@article{Coon:2012ab,
      author         = "Coon, Sidney A. and Avetian, Matthew I. and Kruse,
                        Michael K.G. and van Kolck, U. and Maris, Pieter and
                        others",
      title          = "{Convergence properties of {\it ab initio} calculations
                        of light nuclei in a harmonic oscillator basis}",
      journal        = "Phys. Rev. C",
      volume         = "86",
      pages          = "054002",
      doi            = "10.1103/PhysRevC.86.054002",
      year           = "2012",
      eprint         = "1205.3230",
      archivePrefix  = "arXiv",
      primaryClass   = "nucl-th",
      SLACcitation   = "%%CITATION = ARXIV:1205.3230;%%",
}

@book{gradshteyn,
        author = {Gradshteyn, L. S. and Ryzhik, L. M.},
        title = {Tables of integrals, series, and products},
        publisher = {Academic Press},
        edition = {6$^{\rm th}$},
        year ={2000},
        address = {San Diego}
}

@article{Luscher:1985dn,
      author         = "Luscher, M.",
      title          = "{Volume Dependence of the Energy Spectrum in Massive
                        Quantum Field Theories. 1. Stable Particle States}",
      journal        = "Commun. Math. Phys.",
      volume         = "104",
      year           = "1986",
      pages          = "177",
      doi            = "10.1007/BF01211589",
      reportNumber   = "DESY-85-144",
      SLACcitation   = "%%CITATION = CMPHA,104,177;%%"
}

@article{Djajaputra:2000aa,
  author={David Djajaputra and Bernard R Cooper},
  title={Hydrogen atom in a spherical well: linear approximation},
  journal={European Journal of Physics},
  volume={21},
  number={3},
  pages={261},
  url={http://stacks.iop.org/0143-0807/21/i=3/a=309},
  year={2000},
  abstract={We discuss the boundary effects on a quantum system by examining the problem of a hydrogen atom in a spherical well. Using an approximation method which is linear in energy we calculate the boundary corrections to the ground-state energy and wavefunction. We obtain the asymptotic dependence of the ground-state energy on the radius of the well.}
}

@book{taylor2006scattering,
  title={Scattering Theory: The Quantum Theory of Nonrelativistic Collisions},
  author={Taylor, J.R.},
  isbn={9780486450131},
  lccn={2005056071},
  url={http://books.google.com/books?id=FsolAAAACAAJ},
  year={2006},
  publisher={Dover}
}

@book{newton2002scattering,
  title={Scattering theory of waves and particles},
  author={Newton, R.G.},
  isbn={9780486425351},
  lccn={2002071490},
  url={http://books.google.com/books?id=0RW2-140I94C},
  year={2002},
  publisher={Dover}
}

@book{wu2011scattering,
  title={Quantum Theory of Scattering},
  author={Wu, T.-Y. and Ohmura, T.},
  isbn={9780486480893},
  lccn={2010052832},
  year={2011},
  address = {New York},
  publisher={Dover}
}

@article{Phillips:1999hh,
  author         = "Phillips, Daniel R. and Rupak, Gautam and Savage, Martin
                    J.",
  title          = "{Improving the convergence of N N effective field
                    theory}",
  journal        = "Phys. Lett. B",
  volume         = "473",
  pages          = "209-218",
  doi            = "10.1016/S0370-2693(99)01496-3",
  year           = "2000",
  eprint         = "nucl-th/9908054",
  archivePrefix  = "arXiv",
  primaryClass   = "nucl-th",
  reportNumber   = "NT-UW-99-42",
  SLACcitation   = "%%CITATION = NUCL-TH/9908054;%%",
}

@article{Arteca1984,
  author = {Arteca, Gustavo Alberto and Fern{\'a}ndez, Francisco M. and Castro, Eduardo A.},
  journal = {J. of Chem. Phys.},
  volume = {80},
  pages = {1569},
  year = {1984},
}

@article{Fernandez1981,
  author = {Fern{\'a}ndez, Francisco M. and Castro, Eduardo A.},
  title = {Hypervirial analysis of enclosed quantum mechanical systems. I. Dirichlet boundary conditions},
  journal = {Int. J. of Quantum Chem.},
  volume = {19},
  number = {4},
  publisher = {John Wiley & Sons, Inc.},
  issn = {1097-461X},
  url = {http://dx.doi.org/10.1002/qua.560190406},
  doi = {10.1002/qua.560190406},
  pages = {521--532},
  year = {1981},
}

@article{Amado:1979zz,
     author    = "Amado, Ralph D.",
     title     = "{Problems in determining nuclear bound state wave
                  functions}",
     journal   = "Phys. Rev. C",
     volume    = "19",
     year      = "1979",
     pages     = "1473-1481",
     doi       = "10.1103/PhysRevC.19.1473",
     SLACcitation  = "%%CITATION = PHRVA,C19,1473;%%"
}

@article{Phillips:1999hh,
      author         = "Phillips, Daniel R. and Rupak, Gautam and Savage, Martin
                        J.",
      title          = "{Improving the convergence of N N effective field
                        theory}",
      journal        = "Phys. Lett. B",
      volume         = "473",
      pages          = "209-218",
      doi            = "10.1016/S0370-2693(99)01496-3",
      year           = "2000",
      eprint         = "nucl-th/9908054",
      archivePrefix  = "arXiv",
      primaryClass   = "nucl-th",
      reportNumber   = "NT-UW-99-42",
      SLACcitation   = "%%CITATION = NUCL-TH/9908054;%%",
}

@article{Tolle:2012cx,
      author         = "Tolle, S. and Hammer, H. -W. and Metsch, B. Ch.",
      title          = "{Convergence Properties of the Effective Theory for
                        Trapped Bosons}",
      journal        = "J. Phys.",
      volume         = "G40",
      year           = "2013",
      pages          = "055004",
      doi            = "10.1088/0954-3899/40/5/055004",
      eprint         = "1210.8373",
      archivePrefix  = "arXiv",
      primaryClass   = "cond-mat.quant-gas",
      SLACcitation   = "%%CITATION = ARXIV:1210.8373;%%"
}

@article{Konig:2011ti,
      author         = "Koenig, Sebastian and Lee, Dean and Hammer, H.-W.",
      title          = "{Non-relativistic bound states in a finite volume}",
      journal        = "Annals Phys.",
      volume         = "327",
      pages          = "1450-1471",
      doi            = "10.1016/j.aop.2011.12.015",
      year           = "2012",
      eprint         = "1109.4577",
      archivePrefix  = "arXiv",
      primaryClass   = "hep-lat",
      SLACcitation   = "%%CITATION = ARXIV:1109.4577;%%",
}

@article{Lee:2010km,
      author         = "Lee, Dean and Pine, Michelle",
      title          = "{How quantum bound states bounce and the structure it
                        reveals}",
      journal        = "Eur. Phys. J. A",
      volume         = "47",
      pages          = "41",
      doi            = "10.1140/epja/i2011-11041-4",
      year           = "2011",
      eprint         = "1008.5187",
      archivePrefix  = "arXiv",
      primaryClass   = "nucl-th",
      SLACcitation   = "%%CITATION = ARXIV:1008.5187;%%",
}

@article{Pine:2012zv,
      author         = "Pine, Michelle and Lee, Dean",
      title          = "{Effective Field Theory for Bound State Reflection}",
      journal        = "Annals Phys.",
      volume         = "331",
      year           = "2013",
      pages          = "24-50",
      doi            = "10.1016/j.aop.2012.12.009",
      eprint         = "1206.6280",
      archivePrefix  = "arXiv",
      primaryClass   = "nucl-th",
      SLACcitation   = "%%CITATION = ARXIV:1206.6280;%%"
}

@article{Deano2013,
      author = {Alfredo Dea{\~n}o and Edmundo J. Huertas and Francisco Marcell{\'a}n},
      title = {{Strong and ratio asymptotics for Laguerre polynomials revisited}},
      journal = {J. Math. Anal.  Appl.},
      volume = {403},
      year = {2013},
      pages = {477--486},
      issue = {2},
      doi = {10.1016/j.jmaa.2013.02.039},
      masid = {61417299}
}

@book{abramowitz1964,
      author = {Abramowitz, Milton and Stegun, Irene A.},
      title = {Handbook of Mathematical Functions},
      publisher = {Dover},
      address = {New York},
      year = {1972}
}

@article{Konig:2011nz,
      author         = "Koenig, Sebastian and Lee, Dean and Hammer, H.-W.",
      title          = "{Volume Dependence of Bound States with Angular
                        Momentum}",
      journal        = "Phys. Rev. Lett.",
      volume         = "107",
      pages          = "112001",
      doi            = "10.1103/PhysRevLett.107.112001",
      year           = "2011",
      eprint         = "1103.4468",
      archivePrefix  = "arXiv",
      primaryClass   = "hep-lat",
      SLACcitation   = "%%CITATION = ARXIV:1103.4468;%%",
}

@article{Machleidt:2011zz,
      author         = "Machleidt, R. and Entem, D.R.",
      title          = "{Chiral effective field theory and nuclear forces}",
      journal        = "Phys. Rept.",
      volume         = "503",
      pages          = "1-75",
      doi            = "10.1016/j.physrep.2011.02.001",
      year           = "2011",
      eprint         = "1105.2919",
      archivePrefix  = "arXiv",
      primaryClass   = "nucl-th",
      SLACcitation   = "%%CITATION = ARXIV:1105.2919;%%",
}

@article{Stetcu:2004wh,
      author    = "Stetcu, Ionel and Barrett, Bruce R. and Navratil, Petr and
                  Vary, James P.",
      title     = "{Effective operators within the ab initio no-core shell
                    model}",
      journal   = "Phys. Rev. C",
      volume    = "71",
      year      = "2005",
      pages     = "044325",
      eprint    = "nucl-th/0412004",
      archivePrefix = "arXiv",
      doi       = "10.1103/PhysRevC.71.044325",
      SLACcitation  = "%%CITATION = NUCL-TH/0412004;%%"
}

@article{Bogner:2009bt,
      author    = "Bogner, S. K. and Furnstahl, R. J. and Schwenk, A.",
      title     = "{From low-momentum interactions to nuclear structure}",
      journal   = "Prog. Part. Nucl. Phys.",
      volume    = "65",
      year      = "2010",
      pages     = "94-147",
      eprint    = "0912.3688",
      archivePrefix = "arXiv",
      primaryClass  =  "nucl-th",
      doi       = "10.1016/j.ppnp.2010.03.001",
      SLACcitation  = "%%CITATION = 0912.3688;%%"
}

@ARTICLE{bang2000,
      author = {{Bang}, J.~M. and {Mazur}, A.~I. and {Shirokov}, A.~M. and {Smirnov}, Y.~F. and
  	    {Zaytsev}, S.~A.},
      title = "{P-Matrix and J-Matrix Approaches: Coulomb Asymptotics in the Harmonic Oscillator Representation of Scattering Theory}",
      journal = {Annals of Physics},
      eprint = {arXiv:math-ph/9910007},
      year = 2000,
      month = mar,
      volume = 280,
      pages = {299-335},
      doi = {10.1006/aphy.1999.5992},
      adsurl = {http://adsabs.harvard.edu/abs/2000AnPhy.280..299B},
      adsnote = {Provided by the SAO/NASA Astrophysics Data System}
}

@article{Luu:2010hw,
      author         = "Luu, Thomas and Savage, Martin J. and Schwenk, Achim and
                        Vary, James P.",
      title          = "{Nucleon-Nucleon Scattering in a Harmonic Potential}",
      journal        = "Phys. Rev.",
      volume         = "C82",
      year           = "2010",
      pages          = "034003",
      doi            = "10.1103/PhysRevC.82.034003",
      eprint         = "1006.0427",
      archivePrefix  = "arXiv",
      primaryClass   = "nucl-th",
      reportNumber   = "NT-UW-10-14",
      SLACcitation   = "%%CITATION = ARXIV:1006.0427;%%"
}

@article{Stetcu:2009ic,
      author         = "Stetcu, I. and Rotureau, J. and Barrett, B. R. and van
                        Kolck, U.",
      title          = "{Effective interactions for light nuclei: An Effective
                        (field theory) approach}",
      journal        = "J. Phys.",
      volume         = "G37",
      year           = "2010",
      pages          = "064033",
      doi            = "10.1088/0954-3899/37/6/064033",
      eprint         = "0912.3015",
      archivePrefix  = "arXiv",
      primaryClass   = "nucl-th",
      SLACcitation   = "%%CITATION = ARXIV:0912.3015;%%"
}

@article{busch1998,
      year={1998},
      issn={0015-9018},
      journal={Foundations of Physics},
      volume={28},
      issue={4},
      doi={10.1023/A:1018705520999},
      title={Two Cold Atoms in a Harmonic Trap},
      url={http://dx.doi.org/10.1023/A%3A1018705520999},
      publisher={Kluwer Academic Publishers-Plenum Publishers},
      author={Busch, Thomas and Englert, Berthold-Georg and Rzazewski, Kazimierz and Wilkens, Martin},
      pages={549-559},
      language={English}
}

@article{Bhattacharyya:2006fg,
      author         = "Bhattacharyya, Anirban and Papenbrock, T.",
      title          = "{Density functional theory for fermions close to the
                        unitary regime}",
      journal        = "Phys. Rev.",
      volume         = "A74",
      year           = "2006",
      pages          = "041602",
      doi            = "10.1103/PhysRevA.74.041602",
      eprint         = "nucl-th/0602050",
      archivePrefix  = "arXiv",
      primaryClass   = "nucl-th",
      SLACcitation   = "%%CITATION = NUCL-TH/0602050;%%"
}

@article{Caprio:2012rv,
      author         = "Caprio, M. A. and Maris, P. and Vary, J. P.",
      title          = "{The Coulomb-Sturmian basis for the nuclear many-body
                        problem}",
      journal        = "Phys. Rev. C",
      volume         = "86",
      pages          = "034312",
      doi            = "10.1103/PhysRevC.86.034312",
      year           = "2012",
      eprint         = "1208.4156",
      archivePrefix  = "arXiv",
      primaryClass   = "nucl-th",
      SLACcitation   = "%%CITATION = ARXIV:1208.4156;%%",
}

@article{Deano2013,
      author = {Alfredo Dea{\~n}o and Edmundo J. Huertas and
        Francisco Marcell{\'a}n},
      title = {{Strong and ratio asymptotics for Laguerre polynomials
        revisited}},
      journal = {J. Math. Anal.  Appl.},
      volume = {403},
      year = {2013},
      pages = {477--486},
      issue = {2},
      doi = {10.1016/j.jmaa.2013.02.039},
      masid = {61417299}
}

@book{Fluegge:1999,
      editor     = "Flügge, S.",
      title      = "Practical Quantum Mechanics",
      publisher  = "Springer-Verlag",
      year       = "1999",
      address    = "Berlin"
}

@book{Olver:2010:NHMF,
      editor = "F.~W.~J. Olver and D.~W. Lozier and R.~F. Boisvert and
        C.~W. Clark",
      title = "{NIST Handbook of Mathematical Functions}",
      publisher = "Cambridge University Press",
      address = "New York, NY",
      year = "2010",
}

@article{Bogner:2006pc,
      author    = "Bogner, S. K. and Furnstahl, R. J. and Perry, R. J.",
      title     = "Similarity Renormalization Group for Nucleon-Nucleon
                   Interactions",
      journal   = "Phys. Rev. C",
      volume    = "75",
      year      = "2007",
      pages     = "061001",
      eprint    = "nucl-th/0611045",
      SLACcitation  = "%%CITATION = NUCL-TH/0611045;%%"
}

@article{Harms:1970hd,
      author         = "Harms, Edward",
      title          = "{Convenient Expansion for Local Potentials}",
      journal        = "Phys. Rev. C",
      volume         = "1",
      pages          = "1667-1679",
      doi            = "10.1103/PhysRevC.1.1667",
      year           = "1970",
      SLACcitation   = "%%CITATION = PHRVA,C1,1667;%%",
}

@article{Ernst:1973zzb,
      author         = "Ernst, D.J. and Shakin, C.M. and Thaler, R.M.",
      title          = "{Separable Representations of Two-Body Interactions}",
      journal        = "Phys. Rev. C",
      volume         = "8",
      pages          = "46-52",
      doi            = "10.1103/PhysRevC.8.46",
      year           = "1973",
      SLACcitation   = "%%CITATION = PHRVA,C8,46;%%",
}

@article{elgaroy1998,
      title = {Nucleon-nucleon phase shifts and pairing in neutron matter and
              nuclear matter},
      author = {Elgar\o{}y, \O{}. and Hjorth-Jensen, M.},
      journal = {Phys. Rev. C},
      volume = {57},
      issue = {3},
      pages = {1174--1177},
      numpages = {0},
      year = {1998},
      month = {Mar},
      publisher = {American Physical Society},
      doi = {10.1103/PhysRevC.57.1174},
      url = {http://link.aps.org/doi/10.1103/PhysRevC.57.1174}
}

@article{Lovelace:1964aa,
      author         = "Lovelace, C.",
      title          = "{Practical theory of three particle states. 1.
                        Nonrelativistic}",
      journal        = "Phys. Rev.",
      volume         = "135",
      pages          = "B1225-B1249",
      doi            = "10.1103/PhysRev.135.B1225",
      year           = "1964",
      SLACcitation   = "%%CITATION = PHRVA,135,B1225;%%",
}

@article{Bund:1980aa,
      author         = "Bund, G.W. and Tibero, M.C.",
      title          = "{Separable Representations for Finite-Range Potentials}",
      journal        = "Nuovo Cim. A",
      volume         = "57",
      pages          = "234",
      doi            = "10.1007/BF02776456",
      year           = "1980",
      reportNumber   = "IFT-P-16-79-SAO-PAULO",
      SLACcitation   = "%%CITATION = NUCIA,A57,234;%%",
}

@article{Wiringa:1994wb,
      author         = "Wiringa, Robert B. and Stoks, V. G. J. and Schiavilla,
                        R.",
      title          = "{An Accurate nucleon-nucleon potential with charge
                        independence breaking}",
      journal        = "Phys. Rev.",
      volume         = "C51",
      year           = "1995",
      pages          = "38-51",
      doi            = "10.1103/PhysRevC.51.38",
      eprint         = "nucl-th/9408016",
      archivePrefix  = "arXiv",
      primaryClass   = "nucl-th",
      reportNumber   = "PHY-7742-TH-94, CEBAF-TH-94-19",
      SLACcitation   = "%%CITATION = NUCL-TH/9408016;%%"
}

@article{Epelbaum:2004fk,
      author         = "Epelbaum, E. and Glockle, W. and Meissner, Ulf-G.",
      title          = "{The Two-nucleon system at
                        next-to-next-to-next-to-leading order}",
      journal        = "Nucl. Phys.",
      volume         = "A747",
      year           = "2005",
      pages          = "362-424",
      doi            = "10.1016/j.nuclphysa.2004.09.107",
      eprint         = "nucl-th/0405048",
      archivePrefix  = "arXiv",
      primaryClass   = "nucl-th",
      reportNumber   = "JLAB-THY-04-228, HISKP-TH-04-07, FZJ-IKP-TH-2004-04,
                        HISKP(TH)-04-07",
      SLACcitation   = "%%CITATION = NUCL-TH/0405048;%%"
}

@article{Jurgenson:2009qs,
      author         = "Jurgenson, E. D. and Navratil, P. and Furnstahl, R. J.",
      title          = "{Evolution of Nuclear Many-Body Forces with the
                        Similarity Renormalization Group}",
      journal        = "Phys. Rev. Lett.",
      volume         = "103",
      year           = "2009",
      pages          = "082501",
      doi            = "10.1103/PhysRevLett.103.082501",
      eprint         = "0905.1873",
      archivePrefix  = "arXiv",
      primaryClass   = "nucl-th",
      reportNumber   = "LLNL-JRNL-412933",
      SLACcitation   = "%%CITATION = ARXIV:0905.1873;%%"
}

@article{Jurgenson:2010wy,
      author         = "Jurgenson, E. D. and Navratil, P. and Furnstahl, R. J.",
      title          = "{Evolving Nuclear Many-Body Forces with the Similarity
                        Renormalization Group}",
      journal        = "Phys. Rev.",
      volume         = "C83",
      year           = "2011",
      pages          = "034301",
      doi            = "10.1103/PhysRevC.83.034301",
      eprint         = "1011.4085",
      archivePrefix  = "arXiv",
      primaryClass   = "nucl-th",
      reportNumber   = "UCRL-LLNL-462328",
      SLACcitation   = "%%CITATION = ARXIV:1011.4085;%%"
}

@article{Furnstahl:2014hca,
      author         = "Furnstahl, R. J. and Hagen, G. and Papenbrock, T. and
                        Wendt, K. A.",
      title          = "{Infrared extrapolations for atomic nuclei}",
      journal        = "J. Phys.",
      volume         = "G42",
      year           = "2015",
      number         = "3",
      pages          = "034032",
      doi            = "10.1088/0954-3899/42/3/034032",
      eprint         = "1408.0252",
      archivePrefix  = "arXiv",
      primaryClass   = "nucl-th",
      SLACcitation   = "%%CITATION = ARXIV:1408.0252;%%"
}

@article{Wendt:2015nba,
      author         = "Wendt, K. A. and Forssén, C. and Papenbrock, T. and
                        Sääf, D.",
      title          = "{Infrared length scale and extrapolations for the no-core
                        shell model}",
      journal        = "Phys. Rev.",
      volume         = "C91",
      year           = "2015",
      number         = "6",
      pages          = "061301",
      doi            = "10.1103/PhysRevC.91.061301",
      eprint         = "1503.07144",
      archivePrefix  = "arXiv",
      primaryClass   = "nucl-th",
      SLACcitation   = "%%CITATION = ARXIV:1503.07144;%%"
}

@article{Odell:2015xlw,
      author         = "Odell, D. and Papenbrock, T. and Platter, L.",
      title          = "{Infrared extrapolations of quadrupole moments and
                        transitions}",
      year           = "2015",
      eprint         = "1512.04851",
      archivePrefix  = "arXiv",
      primaryClass   = "nucl-th",
      SLACcitation   = "%%CITATION = ARXIV:1512.04851;%%"
}

@misc{Caprio_Coulomb_Sturmian,
      author = "Caprio, Mark",
      date = "2013",
      howpublished = "private communication"
}
